@article{banksealer,
  title={Banksealer: a transaction monitoring system for Internet banking fraud detection},
  author={Caron, Roberto and Carminati, Michele},
  year={2013},
  publisher={Italy}
}

@article{histogram,
  title={On measuring the distance between histograms},
  author={Cha, Sung-Hyuk and Srihari, Sargur N},
  journal={Pattern Recognition},
  volume={35},
  number={6},
  pages={1355--1370},
  year={2002},
  publisher={Elsevier}
}

@misc{ruby,
  title={Ruby Language},
  howpublished="\url{https://www.ruby-lang.org/en/}",
  year={retrieved Apr 20th, 2015},
}
